<?xml version="1.0" encoding="UTF-8"?>
<record xmlns="http://www.loc.gov/MARC21/slim" xmlns:xsi="http://www.w3.org/2001/XMLSchema-instance" xsi:schemaLocation="http://www.loc.gov/MARC21/slim http://www.loc.gov/standards/marcxml/schema/MARC21slim.xsd">
<leader>     nam a2200289 a 4500</leader>
<controlfield tag="001">001576857</controlfield>
<controlfield tag="003">NNU</controlfield>
<controlfield tag="005">20061010173107.0</controlfield>
<controlfield tag="008">990924m19511955tu       b    001 0cara</controlfield>
<datafield tag="010" ind1=" " ind2=" ">
<subfield code="a">60036652</subfield>
</datafield>
<datafield tag="035" ind1="9" ind2=" ">
<subfield code="a">NYUb12081560</subfield>
</datafield>
<datafield tag="035" ind1=" " ind2=" ">
<subfield code="a">(CStRLIN)NYUG99-B2267</subfield>
</datafield>
<datafield tag="040" ind1=" " ind2=" ">
<subfield code="c">NBiSU</subfield>
<subfield code="d">NNU</subfield>
</datafield>
<datafield tag="050" ind1=" " ind2="0">
<subfield code="a">Z7052</subfield>
<subfield code="b">.I8</subfield>
</datafield>
<datafield tag="066" ind1=" " ind2=" ">
<subfield code="c">(3</subfield>
</datafield>
<datafield tag="090" ind1=" " ind2=" ">
<subfield code="a">Z7052</subfield>
<subfield code="b">.I8</subfield>
</datafield>
<datafield tag="100" ind1="0" ind2=" ">
<subfield code="6">880-01</subfield>
<subfield code="a">Ismail,</subfield>
<subfield code="c">paşa,</subfield>
<subfield code="d">1839-1920.</subfield>
</datafield>
<datafield tag="245" ind1="1" ind2="0">
<subfield code="6">880-02</subfield>
<subfield code="a">Hadīyat al-ʻārifīn :</subfield>
<subfield code="b">asmāʼ al-muʼallifīn wa-athār al-muṣannifīn /</subfield>
<subfield code="c">muʼallifuh, Ismāʻīl Bāshā al-Baghdādī.</subfield>
</datafield>
<datafield tag="246" ind1="1" ind2="4">
<subfield code="a">Hadiyyat al-ʻārifīn, asmāʼ al-muʼallifin va āsār al-muṣannifin</subfield>
</datafield>
<datafield tag="246" ind1="1" ind2="4">
<subfield code="a">Hediyyetüʼl-ʻārifīn, esmāʼüʼl-müʼellifīn ve ās̲ārüʼl-muṣannifīn</subfield>
</datafield>
<datafield tag="260" ind1=" " ind2=" ">
<subfield code="6">880-03</subfield>
<subfield code="a">Istanbūl :</subfield>
<subfield code="b">ṭubiʻa bi-ʻināyat Wakālat al-Maʻārif fī maṭbaʻatihā,</subfield>
<subfield code="c">1951-1955.</subfield>
</datafield>
<datafield tag="300" ind1=" " ind2=" ">
<subfield code="a">2 v. ;</subfield>
<subfield code="c">34 cm.</subfield>
</datafield>
<datafield tag="504" ind1=" " ind2=" ">
<subfield code="a">Includes bibliographical references (v. 1, leaf following t.p.) and indexes.</subfield>
</datafield>
<datafield tag="650" ind1=" " ind2="0">
<subfield code="a">Arabic literature</subfield>
<subfield code="v">Bio-bibliography.</subfield>
</datafield>
<datafield tag="880" ind1="0" ind2=" ">
<subfield code="6">100-01/</subfield>
<subfield code="a">اسناعيل، باشا.</subfield>
</datafield>
<datafield tag="880" ind1="1" ind2="0">
<subfield code="6">245-02/</subfield>
<subfield code="a">هدية العارفين :</subfield>
<subfield code="b">اسناء المؤلفين واثار المصنفين /</subfield>
<subfield code="c">مؤلفه، اسماعيل باشا البغدادي.</subfield>
</datafield>
<datafield tag="880" ind1=" " ind2=" ">
<subfield code="6">260-03/</subfield>
<subfield code="a">استانبول :</subfield>
<subfield code="b">طبع بعناية وكالة المعارف في مطبعتها،</subfield>
<subfield code="c">١٩٥١-١٩٥٥.</subfield>
</datafield>
<datafield tag="OWN" ind1=" " ind2=" ">
<subfield code="a">GENERAL</subfield>
</datafield>
<datafield tag="998" ind1=" " ind2=" ">
<subfield code="a">19990924</subfield>
<subfield code="d">19990924</subfield>
<subfield code="d">20020110</subfield>
<subfield code="n">NNU</subfield>
<subfield code="s">1</subfield>
<subfield code="t">c</subfield>
<subfield code="z">p</subfield>
</datafield>
<datafield tag="AVA" ind1=" " ind2=" ">
<subfield code="a">NYU50</subfield>
<subfield code="b">BOBST</subfield>
<subfield code="c">Main Collection</subfield>
<subfield code="d">Z7052 .I8 Oversize</subfield>
<subfield code="e">unavailable</subfield>
<subfield code="t">Unavailable</subfield>
<subfield code="f">2</subfield>
<subfield code="g">2</subfield>
<subfield code="h">Y</subfield>
<subfield code="i">8</subfield>
<subfield code="j">MAIN</subfield>
<subfield code="k">0</subfield>
</datafield>
</record>
